@misc{rules_semicolon,
    author    = "Jitendra Takalkar",
    title     = "rules of semicolon inference",
    url       = "http://jittakal.blogspot.ch/2012/07/scala-rules-of-semicolon-inference.html"
}